<record><leader>00000cas a22000007a 4500</leader><controlfield tag="001">12124063</controlfield><controlfield tag="008">850606d186u18uualuwr ne      0    0eng d</controlfield><datafield ind1=" " ind2=" " tag="010"><subfield code="a">sn 85044638 </subfield></datafield><datafield ind1=" " ind2=" " tag="040"><subfield code="a">CPN</subfield><subfield code="b">eng</subfield><subfield code="c">CPN</subfield><subfield code="d">OCLCQ</subfield></datafield><datafield ind1=" " ind2=" " tag="042"><subfield code="a">msc</subfield></datafield><datafield ind1="0" ind2="4" tag="245"><subfield code="a">The Weekly issue.</subfield></datafield><datafield ind1=" " ind2=" " tag="260"><subfield code="a">Selma, Ala. :</subfield><subfield code="b">Kennedy &amp; Dykous</subfield></datafield><datafield ind1=" " ind2=" " tag="300"><subfield code="a">v. ;</subfield><subfield code="c">60 cm.</subfield></datafield><datafield ind1=" " ind2=" " tag="310"><subfield code="a">Weekly</subfield></datafield><datafield ind1=" " ind2=" " tag="588"><subfield code="a">Description based on: Vol. 1, no. 43 (Feb. 27, 1861).</subfield></datafield><datafield ind1=" " ind2=" " tag="752"><subfield code="a">United States</subfield><subfield code="b">Alabama</subfield><subfield code="c">Dallas</subfield><subfield code="d">Selma.</subfield></datafield><datafield ind1="0" ind2="0" tag="780"><subfield code="t">Issue</subfield><subfield code="w">(DLC)sn 85044637</subfield></datafield></record>